@article{atkey_2018,
  author    = {Atkey, Robert},
  title     = {{Syntax and Semantics of Quantitative Type Theory}},
  DOI       = {10.1145/3209108.3209189},
  journal   = {Proceedings of the 33rd Annual ACM/IEEE Symposium on Logic in Computer Science}, 
  year      = {2018}
}

@article{loh_et_al_2010,
  author    = {Löh, Andres and McBride, Conor and Swierstra, Wouter},
  title     = {{A Tutorial Implementation of a Dependently Typed Lambda Calculus}},
  volume    = {102},
  DOI       = {10.3233/fi-2010-304},
  number    = {2},
  journal   = {Fundamenta Informaticae},
  year      = {2010},
  pages     = {177–207}
}

@article{mcbride_2016,
  author    = {McBride, Conor},
  title     = {{I Got Plenty o’ Nuttin’}},
  DOI       = {10.1007/978-3-319-30936-1_12},
  journal   = {A List of Successes That Can Change the World},
  year      = {2016},
  pages     = {207–233}
}

@article{weirich_2020,
  author    = {Weirich, Stephanie},
  title     = {{Adventures in Quantitative Type Theory}},
  journal   = {{IFIP} {WG2.8} Meeting 2020},
  year      = {2020},
}

@article{dunfield_krishnaswami_2019,
  author    = {Dunfield, Jana and Krishnaswami, Neel},
  title     = {{Bidirectional Typing}},
  journal   = {CoRR},
  volume    = {abs/1908.05839},
  year      = {2019},
  url       = {http://arxiv.org/abs/1908.05839},
  archivePrefix = {arXiv},
  eprint    = {1908.05839},
  timestamp = {Fri, 11 Dec 2020 08:11:29 +0100},
  biburl    = {https://dblp.org/rec/journals/corr/abs-1908-05839.bib},
  bibsource = {dblp computer science bibliography, https://dblp.org}
}

@book{hindley_seldin_2008,
  author    = {Hindley, J. Roger and Seldin, Jonathan P.},
  title     = {{Lambda-Calculus and Combinators: An Introduction}},
  edition   = {Second},
  publisher = {Cambridge University Press},
  year      = {2008}
}

@article{wells_1999,
  author    = {Wells, Joe B.},
  title     = {{Typability and type checking in System F are equivalent and undecidable}},
  volume    = {98},
  DOI       = {10.1016/s0168-0072(98)00047-5},
  number    = {1-3},
  journal   = {Annals of Pure and Applied Logic},
  year      = {1999},
  pages     = {111–156}
}

@inbook{barendregt_1993,
  author    = {Barendregt, Henk P.},
  title     = {{Lambda Calculi with Types}},
  year      = {1993},
  isbn      = {0198537611},
  publisher = {Oxford University Press, Inc.},
  address   = {USA},
  booktitle = {Handbook of Logic in Computer Science (Vol. 2): Background: Computational Structures},
  pages     = {117–309},
  numpages  = {193}
}

@article{hurkens_1995,
  title     = {{A simplification of Girard's paradox}},
  DOI       = {10.1007/bfb0014058},
  journal   = {Lecture Notes in Computer Science},
  author    = {Hurkens, Antonius J.},
  year      = {1995},
  pages     = {266–278}
}

@article{church_1932,
  author    = {Church, Alonzo},
  title     = {{A Set of Postulates for the Foundation of Logic}},
  volume    = {33},
  DOI       = {10.2307/1968337}, 
  number    = {2},
  journal   = {The Annals of Mathematics},
  year      = {1932},
  pages     = {346}
}

@article{kleene_rosser_1935,
  author    = {Kleene, Stephen. C. and Rosser, J. Barkley},
  title     = {{The Inconsistency of Certain Formal Logics}},
  volume    = {36},
  DOI       = {10.2307/1968646},
  number    = {3},
  journal   = {The Annals of Mathematics},
  year      = {1935},
  pages     = {630}
}

@article{gentzen_1935,
  author    = {Gentzen, Gerhard},
  title     = {{Untersuchungen über das logische Schließen}},
  journal   = {Mathematische Zeitschrift},
  pages     = {176-210},
  url       = {http://eudml.org/doc/168546},
  volume    = {39},
  year      = {1935},
}

@article{girard_1987,
  author    = {Girard, Jean-Yves},
  title     = {{Linear logic}},
  volume    = {50},
  DOI       = {10.1016/0304-3975(87)90045-4},
  number    = {1},
  journal   = {Theoretical Computer Science},
  year      = {1987},
  pages     = {1–101}
}

@article{wadler_1993,
  author    = {Wadler, Philip},
  title     = {{A taste of linear logic}},
  DOI       = {10.1007/3-540-57182-5_12},
  journal   = {Lecture Notes in Computer Science},
  year      = {1993},
  pages     = {185–210}
}

@article{girard_1993,
  author    = {Girard, Jean-Yves},
  title     = {{On the unity of logic}},
  volume    = {59},
  DOI       = {10.1016/0168-0072(93)90093-s},
  number    = {3},
  journal   = {Annals of Pure and Applied Logic},
  year      = {1993},
  pages     = {201–217}
}

@article{curry_1934,
  author    = {Curry, Haskell B.},
  title     = {{Functionality in Combinatory Logic}},
  volume    = {20},
  DOI       = {10.1073/pnas.20.11.584},
  number    = {11},
  journal   = {Proceedings of the National Academy of Sciences},
  year      = {1934},
  pages     = {584–590}
}

@book{curry_1958,
  author    = {Curry, Haskell B. and Feys, Robert},
  title     = {{Combinatory Logic}},
  volume    = {1},
  publisher = {North-Holland Amsterdam},
  year      = {1958}
}

@incollection{howard_1980,
  author    = {Howard, William A.},
  title     = {{The Formulae-as-Types Notion of Construction}},
  publisher = {Academic Press},
  booktitle = {To H. B. Curry: Essays on Combinatory Logic, Lambda Calculus, and Formalism},
  year      = {1980}
}

@article{wadler_2015,
  author    = {Wadler, Philip},
  title     = {{Propositions as Types}},
  volume    = {58},
  DOI       = {10.1145/2699407},
  number    = {12},
  journal   = {Communications of the ACM},
  year      = {2015},
  pages     = {75–84}
}

@article{cervesato_pfenning_2002,
  author    = {Cervesato, Iliano and Pfenning, Frank},
  title     = {{A Linear Logical Framework}},
  volume    = {179},
  DOI       = {10.1006/inco.2001.2951},
  number    = {1},
  journal   = {Information and Computation},
  year      = {2002},
  pages     = {19–75}
}

@article{krishnaswami_et_al_2015,
  author    = {Krishnaswami, Neelakantan R. and Pradic, Pierre and Benton, Nick},
  title     = {{Integrating Linear and Dependent Types}},
  DOI       = {10.1145/2676726.2676969},
  journal   = {Proceedings of the 42nd Annual ACM SIGPLAN-SIGACT Symposium on Principles of Programming Languages},
  year      = {2015}
}

@article{benton_et_al_1993,
  author    = {Benton, Nick and Bierman, Gavin and de Paiva, Valeria and Hyland, Martin},
  title     = {{A term calculus for Intuitionistic Linear Logic}},
  DOI       = {10.1007/bfb0037099},
  journal   = {Lecture Notes in Computer Science},
  year      = {1993},
  pages     = {75–90}
}

@misc{brady_2021,
  author    = {Brady, Edwin},
  title     = {{Idris 2: Quantitative Type Theory in Practice}},
  year      = {2021},
  eprint    = {2104.00480},
  archivePrefix = {arXiv},
  primaryClass = {cs.PL}
}

@book{pierce_2002,
  author    = {Pierce, Benjamin C.},
  title     = {{Types and Programming Languages}},
  year      = {2002},
  publisher = {The MIT Press},
  pages     = {648},
}

@misc{haskell_2010,
  author    = {Marlow, Simon and others},
  title     = {{Haskell 2010 Language Report}},
  year      = {2010}
}

